@book{knuth1984,
    author = {Knuth, Donald E.},
    isbn = {0-201-13447-0},
    keywords = {TeX},
    publisher = {Addison-Wesley},
    timestamp = {2010-08-05T22:07:57.000+0200},
    title = {The TeXbook: a complete user's guide to computer typesetting with TEX},
    year = 1984
}
